<record><leader>00000cas a22000007a 4500</leader><controlfield tag="001">11845510</controlfield><controlfield tag="008">850325d18961900njuwr ne      0    0eng d</controlfield><datafield ind1=" " ind2=" " tag="010"><subfield code="a">sn 85035546 </subfield></datafield><datafield ind1=" " ind2=" " tag="040"><subfield code="a">NPA</subfield><subfield code="b">eng</subfield><subfield code="c">NPA</subfield><subfield code="d">NJW</subfield><subfield code="d">OCLCQ</subfield><subfield code="d">FHL</subfield></datafield><datafield ind1=" " ind2=" " tag="042"><subfield code="a">msc</subfield></datafield><datafield ind1="0" ind2=" " tag="130"><subfield code="a">Morris journal (Dover, N.J.)</subfield></datafield><datafield ind1="1" ind2="4" tag="245"><subfield code="a">The Morris journal.</subfield></datafield><datafield ind1=" " ind2=" " tag="260"><subfield code="a">Dover, N.J. :</subfield><subfield code="b">Morris Pub. Co.,</subfield><subfield code="c">1896-1900.</subfield></datafield><datafield ind1=" " ind2=" " tag="300"><subfield code="a">v. :</subfield><subfield code="b">ill. ;</subfield><subfield code="c">56 cm.</subfield></datafield><datafield ind1=" " ind2=" " tag="310"><subfield code="a">Weekly</subfield></datafield><datafield ind1="0" ind2=" " tag="362"><subfield code="a">Vol. 7, no. 7 (Nov. 12, 1896)-v. 10, no. 22 (Feb. 22, 1900).</subfield></datafield><datafield ind1=" " ind2=" " tag="500"><subfield code="a">Issue for Nov. 12, 1896 also called: Souvenir edition; issue for Feb. 9, 1899 is the Chester centennial number.</subfield></datafield><datafield ind1=" " ind2=" " tag="500"><subfield code="a">Published by Morris Print. Co., &lt;1897&gt;.</subfield></datafield><datafield ind1="3" ind2="7" tag="600"><subfield code="a">Morris.</subfield><subfield code="2">fssh</subfield></datafield><datafield ind1=" " ind2=" " tag="752"><subfield code="a">United States</subfield><subfield code="b">New Jersey</subfield><subfield code="c">Morris</subfield><subfield code="d">Dover.</subfield></datafield><datafield ind1="0" ind2="0" tag="780"><subfield code="t">Morris County journal</subfield><subfield code="w">(DLC)sn 85035920</subfield><subfield code="w">(OCoLC)13084930</subfield></datafield><datafield ind1="0" ind2="4" tag="785"><subfield code="t">Iron era</subfield><subfield code="w">(DLC)sn 83032287</subfield><subfield code="w">(OCoLC)10246881</subfield></datafield></record>